[gd_scene load_steps=9 format=2]

[ext_resource path="res://screens/EnterNickname.gd" type="Script" id=1]
[ext_resource path="res://ui/SceneTransitionOverlay.tscn" type="PackedScene" id=2]
[ext_resource path="res://screens/assets/enter_nickname.png" type="Texture" id=3]
[ext_resource path="res://screens/theme_resources/EnterNickname.tres" type="StyleBox" id=4]
[ext_resource path="res://fonts/atten.otf" type="DynamicFontData" id=5]

[sub_resource type="DynamicFont" id=1]
size = 80
use_mipmaps = true
use_filter = true
font_data = ExtResource( 5 )

[sub_resource type="DynamicFont" id=2]
size = 80
use_mipmaps = true
use_filter = true
font_data = ExtResource( 5 )

[sub_resource type="DynamicFont" id=3]
size = 80
use_mipmaps = true
use_filter = true
font_data = ExtResource( 5 )

[node name="EnterNickname" type="Control"]
anchor_right = 1.0
anchor_bottom = 1.0
script = ExtResource( 1 )
__meta__ = {
"_edit_use_anchors_": false
}

[node name="Background" type="TextureRect" parent="."]
anchor_right = 1.0
anchor_bottom = 1.0
texture = ExtResource( 3 )
expand = true
__meta__ = {
"_edit_use_anchors_": false
}

[node name="LineEdit" type="LineEdit" parent="."]
anchor_left = 0.5
anchor_top = 0.5
anchor_right = 0.5
anchor_bottom = 0.5
margin_left = -522.0
margin_top = -118.0
margin_right = 515.0
margin_bottom = 128.0
custom_styles/focus = ExtResource( 4 )
custom_styles/normal = ExtResource( 4 )
custom_fonts/font = SubResource( 1 )
custom_colors/cursor_color = Color( 0, 0, 0, 1 )
custom_colors/font_color = Color( 0, 0, 0, 1 )
max_length = 30
caret_blink = true
__meta__ = {
"_edit_use_anchors_": false
}

[node name="Message" type="Label" parent="."]
visible = false
anchor_left = 0.5
anchor_top = 1.0
anchor_right = 0.5
anchor_bottom = 1.0
margin_left = -701.0
margin_top = -330.0
margin_right = 701.0
margin_bottom = -203.0
custom_fonts/font = SubResource( 2 )
custom_colors/font_color = Color( 0, 0, 0, 1 )
align = 1

[node name="HelpMessage" type="Label" parent="."]
anchor_left = 0.5
anchor_top = 1.0
anchor_right = 0.5
anchor_bottom = 1.0
margin_left = -601.0
margin_top = -180.0
margin_right = 601.0
margin_bottom = -53.0
custom_fonts/font = SubResource( 3 )
custom_colors/font_color = Color( 0, 0, 0, 1 )
text = "(premere \"INVIO\" per confermare)"
align = 1

[node name="SceneTransitionOverlay" parent="." instance=ExtResource( 2 )]
color = Color( 0, 0, 0, 1 )
next_scene_path = "res://screens/JobSelect.tscn"

[connection signal="text_entered" from="LineEdit" to="." method="_on_LineEdit_text_entered"]
