[gd_scene load_steps=9 format=2]

[ext_resource path="res://screens/assets/job_select.png" type="Texture" id=1]
[ext_resource path="res://screens/assets/skill_box_dog_sitter.png" type="Texture" id=2]
[ext_resource path="res://screens/JobSelect.gd" type="Script" id=3]
[ext_resource path="res://ui/SceneTransitionOverlay.tscn" type="PackedScene" id=4]
[ext_resource path="res://screens/assets/female_bartender.png" type="Texture" id=5]
[ext_resource path="res://screens/assets/job_lock.png" type="Texture" id=6]
[ext_resource path="res://screens/assets/female_dogsitter.png" type="Texture" id=7]
[ext_resource path="res://screens/assets/female_mechanic.png" type="Texture" id=8]

[node name="JobSelect" type="Control"]
anchor_right = 1.0
anchor_bottom = 1.0
script = ExtResource( 3 )
__meta__ = {
"_edit_use_anchors_": false
}

[node name="Background" type="TextureRect" parent="."]
anchor_right = 1.0
anchor_bottom = 1.0
texture = ExtResource( 1 )
expand = true

[node name="DogSitterAvatar" type="TextureRect" parent="."]
margin_left = 348.0
margin_top = 306.0
margin_right = 717.0
margin_bottom = 675.0
size_flags_horizontal = 3
size_flags_vertical = 3
texture = ExtResource( 7 )
__meta__ = {
"_edit_use_anchors_": false
}

[node name="MechanicAvatar" type="TextureRect" parent="."]
margin_left = 758.0
margin_top = 306.0
margin_right = 1127.0
margin_bottom = 675.0
size_flags_horizontal = 3
size_flags_vertical = 3
texture = ExtResource( 8 )
__meta__ = {
"_edit_use_anchors_": false
}

[node name="Lock" type="TextureRect" parent="MechanicAvatar"]
anchor_left = 0.5
anchor_top = 0.5
anchor_right = 0.5
anchor_bottom = 0.5
margin_left = -59.0
margin_top = -90.5
margin_right = 59.0
margin_bottom = 90.5
texture = ExtResource( 6 )

[node name="BartenderAvatar" type="TextureRect" parent="."]
margin_left = 1168.0
margin_top = 306.0
margin_right = 1537.0
margin_bottom = 675.0
size_flags_horizontal = 3
size_flags_vertical = 3
texture = ExtResource( 5 )
__meta__ = {
"_edit_use_anchors_": false
}

[node name="Lock2" type="TextureRect" parent="BartenderAvatar"]
anchor_left = 0.5
anchor_top = 0.5
anchor_right = 0.5
anchor_bottom = 0.5
margin_left = -59.0
margin_top = -90.5
margin_right = 59.0
margin_bottom = 90.5
texture = ExtResource( 6 )
__meta__ = {
"_edit_use_anchors_": false
}

[node name="SkillBox" type="TextureRect" parent="."]
visible = false
margin_left = 752.644
margin_top = 306.0
margin_right = 1588.64
margin_bottom = 980.0
texture = ExtResource( 2 )

[node name="SceneTransitionOverlay" parent="." instance=ExtResource( 4 )]
color = Color( 0, 0, 0, 1 )
next_scene_path = "res://screens/ConversationMenu.tscn"
